<record><leader>00000cas a22000007a 4500</leader><controlfield tag="001">20335535</controlfield><controlfield tag="008">890913d19021905mouwr ne      0   a0eng d</controlfield><datafield ind1=" " ind2=" " tag="010"><subfield code="a">sn 89066995 </subfield></datafield><datafield ind1=" " ind2=" " tag="040"><subfield code="a">MQN</subfield><subfield code="b">eng</subfield><subfield code="c">MQN</subfield><subfield code="d">OCLCQ</subfield><subfield code="d">DLC</subfield><subfield code="d">OCLCF</subfield></datafield><datafield ind1="0" ind2=" " tag="022"><subfield code="a">2378-508X</subfield><subfield code="2">1</subfield></datafield><datafield ind1=" " ind2=" " tag="042"><subfield code="a">msc</subfield><subfield code="a">nsdp</subfield></datafield><datafield ind1=" " ind2=" " tag="043"><subfield code="a">n-us-mo</subfield></datafield><datafield ind1="0" ind2="0" tag="050"><subfield code="a">Newspaper</subfield></datafield><datafield ind1="0" ind2="0" tag="082"><subfield code="a">071</subfield><subfield code="2">23</subfield></datafield><datafield ind1=" " ind2="4" tag="222"><subfield code="a">The Farmington times and herald</subfield><subfield code="b">(Print)</subfield></datafield><datafield ind1="0" ind2="4" tag="245"><subfield code="a">The Farmington times and herald.</subfield></datafield><datafield ind1="3" ind2="0" tag="246"><subfield code="a">Farmington times &amp; herald</subfield></datafield><datafield ind1=" " ind2=" " tag="260"><subfield code="a">Farmington, St. Francois Co., Mo. :</subfield><subfield code="b">Farmington Times Print. Co.,</subfield><subfield code="c">1902-1905.</subfield></datafield><datafield ind1=" " ind2=" " tag="300"><subfield code="a">v.</subfield></datafield><datafield ind1=" " ind2=" " tag="310"><subfield code="a">Weekly</subfield></datafield><datafield ind1="0" ind2=" " tag="362"><subfield code="a">Vol. 29, no. 34 (Aug. 21, 1902)-v. 32, no. 43 (Nov. 10, 1905).</subfield></datafield><datafield ind1=" " ind2=" " tag="530"><subfield code="a">Archived issues are available in digital format from the Library of Congress Chronicling America online collection.</subfield></datafield><datafield ind1=" " ind2="0" tag="651"><subfield code="a">Farmington (Mo.)</subfield><subfield code="v">Newspapers.</subfield></datafield><datafield ind1=" " ind2="7" tag="655"><subfield code="a">Newspapers.</subfield><subfield code="2">fast</subfield><subfield code="0">(OCoLC)fst01423814</subfield></datafield><datafield ind1=" " ind2="7" tag="651"><subfield code="a">Missouri</subfield><subfield code="z">Farmington.</subfield><subfield code="2">fast</subfield><subfield code="0">(OCoLC)fst01220798</subfield></datafield><datafield ind1=" " ind2=" " tag="752"><subfield code="a">United States</subfield><subfield code="b">Missouri</subfield><subfield code="c">Saint Francois</subfield><subfield code="d">Farmington.</subfield></datafield><datafield ind1="0" ind2="8" tag="776"><subfield code="i">Online version:</subfield><subfield code="t">Farmington times and herald</subfield><subfield code="x">2378-5098</subfield><subfield code="w">(DLC)  2015218680</subfield><subfield code="w">(OCoLC)907385494</subfield></datafield><datafield ind1="0" ind2="4" tag="780"><subfield code="t">Farmington times</subfield><subfield code="x">2378-5101</subfield><subfield code="w">(DLC)sn 86054033</subfield><subfield code="w">(OCoLC)14988164</subfield></datafield><datafield ind1="0" ind2="4" tag="780"><subfield code="t">St. Francois herald</subfield><subfield code="w">(DLC)sn 89066994</subfield><subfield code="w">(OCoLC)20257760</subfield></datafield><datafield ind1="0" ind2="0" tag="785"><subfield code="t">Farmington times (1905)</subfield><subfield code="x">2378-5152</subfield><subfield code="w">(DLC)sn 89066996</subfield><subfield code="w">(OCoLC)20335537</subfield></datafield><datafield ind1="4" ind2="1" tag="856"><subfield code="u">http://www.loc.gov/chroniclingamerica/lccn/sn89066995/issues</subfield></datafield></record>